% This file was created with Citavi 6.17.0.0

@misc{Cellpack,
 author = {{BBC Cellpack GmbH}},
 title = {BBC Cellpack Produktkatalog},
 file = {BBC Cellpack Produktkatalog:Attachments/BBC Cellpack Produktkatalog.pdf:application/pdf},
 url = {https://electricalproducts.cellpack.com/fileadmin/user_upload/bbcgroup.biz/downloads/eproducts/used/DE/Cellpack_Produktkatalog_DE_new.pdf},
 urldate = {2023-09-27},
}


@misc{NKT_NAYY,
 author = {{NKT GmbH {\&} Co. KG}},
 title = {Datenblatt Niederspannungskabel NAYY},
 file = {NAYY Datenblatt der Firma NKT:Attachments/NAYY Datenblatt der Firma NKT.pdf:application/pdf},
 url = {https://nkt.widen.net/content/kylr51gsli/pdf/NAYY-0.6_1-kV_DSDEENAPP_LV_DS_DE-EN.pdf?u=gj0n1y},
 urldate = {2023-09-27},
}


@misc{NKT_NYY,
 author = {{NKT GmbH {\&} Co. KG}},
 title = {Datenblatt Niederspannungskabel NYY},
 file = {NYY Kupferkabel Datenblatt von NKT:Attachments/NYY Kupferkabel Datenblatt von NKT.pdf:application/pdf},
 url = {https://nkt.widen.net/content/n5ywhdqpi6/pdf/NYY-0.6_1-kV_DSDEENAPP_LV_DS_EN-DE.pdf?u=gj0n1y},
 urldate = {2023-09-27},
}


@misc{NKT_NA2XSF2Y,
 author = {{NKT GmbH {\&} Co. KG}},
 title = {Datenblatt Mittelspannungskabel NA2XS(F)2Y},
 file = {NA2XS(F)2Y 30kV Datenblatt:Attachments/NA2XS(F)2Y 30kV Datenblatt.pdf:application/pdf},
 url = {https://nkt.widen.net/content/graupnypdw/pdf/NA2XS_F_2Y-18_30_DSDEENACC_MV_DS_DE-EN.pdf?u=gj0n1y},
 urldate = {2023-09-27},
}


@book{Arendes.2023,
 author = {Arendes, Dieter},
 year = {2023},
 title = {Einf{\"u}hrung in die Umformtechnik},
 address = {Wiesbaden},
 publisher = {{Springer Fachmedien Wiesbaden}},
 isbn = {978-3-658-42033-8},
 doi = {10.1007/978-3-658-42034-5},
 file = {Einf{\"u}hrung in die Umformtechnik:Attachments/Einf{\"u}hrung in die Umformtechnik.pdf:application/pdf}
}


@book{Dietrich.2020,
 author = {Dietrich, Jochen and Richter, Arndt},
 year = {2020},
 title = {Praxis der Zerspantechnik},
 address = {Wiesbaden},
 publisher = {{Springer Fachmedien Wiesbaden}},
 isbn = {978-3-658-30966-4},
 doi = {10.1007/978-3-658-30967-1},
 file = {Praxis der Zerspantechnik:Attachments/Praxis der Zerspantechnik.pdf:application/pdf}
}


@book{Forster.2018,
 author = {F{\"o}rster, Ralf and F{\"o}rster, Anna},
 year = {2018},
 title = {Einf{\"u}hrung in die Fertigungstechnik},
 address = {Berlin, Heidelberg},
 publisher = {{Springer Berlin Heidelberg}},
 isbn = {978-3-662-54701-4},
 doi = {10.1007/978-3-662-54702-1},
 file = {Manuelle Werkzeuge (Handwerkzeuge):Attachments/Manuelle Werkzeuge (Handwerkzeuge).pdf:application/pdf}
}


@book{Hufschmid.2021,
 author = {Hufschmid, Markus},
 year = {2021},
 title = {Grundlagen der Elektrotechnik},
 address = {Wiesbaden},
 publisher = {{Springer Fachmedien Wiesbaden}},
 isbn = {978-3-658-30385-3},
 doi = {10.1007/978-3-658-30386-0},
 file = {Grundlagen der Elektrotechnik:Attachments/Grundlagen der Elektrotechnik.pdf:application/pdf}
}


@article{Pfisterer.,
 author = {{PFISTERER Kontaktsysteme GmbH}},
 title = {PFISTERER Datenblatt Spannungspr{\"u}fer},
 file = {Datenblatt Spannungspr{\"u}fer:Attachments/Datenblatt Spannungspr{\"u}fer.pdf:application/pdf},
 url = {https://catalogue.pfisterer.com/de/93012001000020/},
 urldate = {2023-09-27},
}


@book{Rudnik.2020,
 author = {Rudnik, Siegfried},
 year = {2020},
 title = {Erstpr{\"u}fung von elektrischen Anlagen},
 address = {Berlin, Offenbach},
 edition = {6. {\"u}berarbeitete Auflage},
 publisher = {{VDE VERLAG GMBH}},
 isbn = {978-3-8007-5261-4},
 series = {VDE-Schriftenreihe - Normen verst{\"a}ndlich}
}


@book{Schwab.2012,
 author = {Schwab, Adolf J.},
 year = {2012},
 title = {Elektroenergiesysteme},
 address = {Berlin, Heidelberg},
 publisher = {{Springer Berlin Heidelberg}},
 isbn = {978-3-642-21957-3},
 doi = {10.1007/978-3-642-21958-0},
 file = {Elektroenergiesysteme:Attachments/Elektroenergiesysteme.pdf:application/pdf}
}


@book{Spath.2023,
 author = {Sp{\"a}th, Ralf},
 year = {2023},
 title = {Betriebsfeste Konstruktion und Berechnung von Schwei{\ss}verbindungen},
 address = {Wiesbaden},
 publisher = {{Springer Fachmedien Wiesbaden}},
 isbn = {978-3-658-40788-9},
 doi = {10.1007/978-3-658-40789-6},
 file = {Betriebsfeste Konstruktion und Berechnung von Schwei{\ss}verbindungen:Attachments/Betriebsfeste Konstruktion und Berechnung von Schwei{\ss}verbindungen.pdf:application/pdf}
}


@book{Weigerber.2013,
 author = {Wei{\ss}gerber, Wilfried},
 year = {2013},
 title = {Elektrotechnik f{\"u}r Ingenieure 2},
 address = {Wiesbaden},
 publisher = {{Springer Fachmedien Wiesbaden}},
 isbn = {978-3-8348-1031-1},
 doi = {10.1007/978-3-8348-2072-3},
 file = {Elektrotechnik f{\"u}r Ingenieure 2:Attachments/Elektrotechnik f{\"u}r Ingenieure 2.pdf:application/pdf}
}


@book{Weigerber.2018,
 author = {Wei{\ss}gerber, Wilfried},
 year = {2018},
 title = {Elektrotechnik f{\"u}r Ingenieure 1},
 address = {Wiesbaden},
 publisher = {{Springer Fachmedien Wiesbaden}},
 isbn = {978-3-658-21820-1},
 doi = {10.1007/978-3-658-21821-8},
 file = {Elektrotechnik f{\"u}r Ingenieure 1:Attachments/Elektrotechnik f{\"u}r Ingenieure 1.pdf:application/pdf}
}


@book{Werth.2016,
 author = {Werth, Torsten},
 year = {2016},
 title = {Netzberechnung mit Erzeugungsprofilen},
 address = {Wiesbaden},
 publisher = {{Springer Fachmedien Wiesbaden}},
 isbn = {978-3-658-12727-5},
 doi = {10.1007/978-3-658-12728-2},
 file = {Netzberechnung mit Erzeugungsprofilen:Attachments/Netzberechnung mit Erzeugungsprofilen.pdf:application/pdf}
}




@misc{Werkstattfeile,
 title = {Bild Werkstattfeile},
 url = {https://www.qy1.de/img/werkstattfeile-flachstumpf-314056.jpg},
 urldate = {2023-09-26},
}

@misc{MAG,
 title = {Bild MAG-Schweißen},
 url = {https://hangar44.de/wp-content/uploads/2020/07/Bild4.jpg},
 urldate = {2023-09-26},
}

@misc{E-Hand,
 title = {Bild Eletrodenschweißen},
 url = {https://schweissen-stuttgart.de/images/Elektrode-Kurs-Esslingen.jpg},
 urldate = {2023-09-26},
}

@misc{Lichtbogen,
 title = {Bild Lichtbogen},
 url = {https://www.pv-magazine.de/wp-content/uploads/sites/4/2022/09/03030_Lichtbogen_Lichtbogen.jpg},
 urldate = {2023-09-26},
}

@misc{Isolator,
 title = {Bild Freileitungsisolator},
 publisher = {eigene Aufnahme},
}