% This file was created with Citavi 6.17.0.0

@book{Rudnik.2020,
 author = {Rudnik, Siegfried},
 year = {2020},
 title = {Erstpr{\"u}fung von elektrischen Anlagen},
 address = {Berlin, Offenbach},
 edition = {6. {\"u}berarbeitete Auflage},
 publisher = {{VDE VERLAG GMBH}},
 isbn = {978-3-8007-5261-4},
 series = {VDE-Schriftenreihe - Normen verst{\"a}ndlich}
}


